<record><leader>00000cas a2200000 a 4500</leader><controlfield tag="001">30724640</controlfield><controlfield tag="008">940708d19701986orudn ne      0    0eng c</controlfield><datafield ind1=" " ind2=" " tag="010"><subfield code="a">sn 00063523 </subfield></datafield><datafield ind1=" " ind2=" " tag="040"><subfield code="a">ORY</subfield><subfield code="b">eng</subfield><subfield code="c">ORY</subfield><subfield code="d">OCN</subfield><subfield code="d">ORU</subfield><subfield code="d">OCLCQ</subfield><subfield code="d">OCLCF</subfield><subfield code="d">OCLCO</subfield></datafield><datafield ind1="1" ind2=" " tag="029"><subfield code="a">AU@</subfield><subfield code="b">000021486400</subfield></datafield><datafield ind1=" " ind2=" " tag="042"><subfield code="a">pcc</subfield></datafield><datafield ind1=" " ind2=" " tag="043"><subfield code="a">n-us-or</subfield></datafield><datafield ind1="0" ind2="0" tag="245"><subfield code="a">Daily Argus observer.</subfield></datafield><datafield ind1="3" ind2="0" tag="246"><subfield code="a">Sunday Argus observer</subfield></datafield><datafield ind1=" " ind2=" " tag="260"><subfield code="a">Ontario, Or. :</subfield><subfield code="b">[s.n.],</subfield><subfield code="c">1970-1986.</subfield></datafield><datafield ind1=" " ind2=" " tag="300"><subfield code="a">v.</subfield></datafield><datafield ind1=" " ind2=" " tag="310"><subfield code="a">Daily (except Sat.),</subfield><subfield code="b">Sept. 27, 1981-Nov. 19, 1986</subfield></datafield><datafield ind1=" " ind2=" " tag="321"><subfield code="a">Daily (Mon.-Fri., except major holidays),</subfield><subfield code="b">Nov. 23, 1970-Sept. 25, 1981</subfield></datafield><datafield ind1="0" ind2=" " tag="362"><subfield code="a">75th year, 1st issue (Nov. 23, 1970)-90th year, 273rd issue (Nov. 19, 1986).</subfield></datafield><datafield ind1=" " ind2=" " tag="500"><subfield code="a">On Sundays published as: Sunday Agrus observer.</subfield></datafield><datafield ind1=" " ind2=" " tag="530"><subfield code="a">Also issued on microfilm from University of Oregon.</subfield></datafield><datafield ind1=" " ind2="0" tag="651"><subfield code="a">Ontario (Or.)</subfield><subfield code="v">Newspapers.</subfield></datafield><datafield ind1=" " ind2="0" tag="651"><subfield code="a">Malheur County (Or.)</subfield><subfield code="v">Newspapers.</subfield></datafield><datafield ind1=" " ind2="7" tag="655"><subfield code="a">Newspapers.</subfield><subfield code="2">fast</subfield><subfield code="0">(OCoLC)fst01423814</subfield></datafield><datafield ind1=" " ind2="7" tag="651"><subfield code="a">Oregon</subfield><subfield code="z">Malheur County.</subfield><subfield code="2">fast</subfield><subfield code="0">(OCoLC)fst01213115</subfield></datafield><datafield ind1=" " ind2="7" tag="651"><subfield code="a">Oregon</subfield><subfield code="z">Ontario.</subfield><subfield code="2">fast</subfield><subfield code="0">(OCoLC)fst01221457</subfield></datafield><datafield ind1=" " ind2=" " tag="752"><subfield code="a">United States</subfield><subfield code="b">Oregon</subfield><subfield code="c">Malheur</subfield><subfield code="d">Ontario.</subfield></datafield><datafield ind1="0" ind2="0" tag="780"><subfield code="t">Ontario Argus-observer</subfield><subfield code="w">(DLC)sn 00063522</subfield><subfield code="w">(OCoLC)43802129</subfield></datafield><datafield ind1="0" ind2="0" tag="785"><subfield code="t">Argus observer</subfield><subfield code="w">(DLC)sn 00063524</subfield><subfield code="w">(OCoLC)30722138</subfield></datafield></record>